@article{grinstein2002introduction,
  title={Introduction to data visualization},
  author={Grinstein, Georges G and Ward, Matthew O},
  journal={Information visualization in data mining and knowledge discovery},
  volume={1},
  pages={21--45},
  year={2002},
  publisher={Morgan Kaufmann USA}
}

@inproceedings{kaisler2013big,
  title={Big data: Issues and challenges moving forward},
  author={Kaisler, Stephen and Armour, Frank and Espinosa, J Alberto and Money, William},
  booktitle={System Sciences (HICSS), 2013 46th Hawaii International Conference on},
  pages={995--1004},
  year={2013},
  organization={IEEE}
}

@inproceedings{katal2013big,
  title={Big data: Issues, challenges, tools and Good practices},
  author={Katal, Avita and Wazid, Mohammad and Goudar, RH},
  booktitle={Contemporary Computing (IC3), 2013 Sixth International Conference on},
  pages={404--409},
  year={2013},
  organization={IEEE}
}
