@misc{deslauriers2015lines,
	title={Drawing lines is hard},
	author={Deslauriers, Matt},
	howpublished={\url{http://mattdesl.svbtle.com/drawing-lines-is-hard}},
	year={2015},
	note={Accessed: 2015-04-20}
}

@inproceedings{duval2011attention,
	title={Attention please!: learning analytics for visualization and recommendation},
	author={Duval, Erik},
	booktitle={Proceedings of the 1st International Conference on Learning Analytics and Knowledge},
	pages={9--17},
	year={2011},
	organization={ACM}
}

@article{ferguson2012architecting,
  title={Architecting a big data platform for analytics},
  author={Ferguson, Mike},
  journal={A White Paper prepared for IBM},
  year={2012}
}

@article{fuchs2006physiological,
	title={Physiological sensors cannot effectively drive system mitigation alone},
	author={Fuchs, Sven and Hale, Kelly S and Berka, C and Levendowski, D and Juhnke, J},
	journal={Foundations of Augmented Cognition},
	pages={193--200},
	year={2006},
	note={\url{http://www.advancedbrainmonitoring.com/physiological-sensors-cannot-effectively-drive-system-mitigation-alone/}}
}

@misc{google2011globe,
	title={{WebGL Globe}},
	author={{Google Data Arts Team}},
	howpublished={\url{https://www.chromeexperiments.com/globe}},
	year={2011},
	note={Accessed: 2015-04-19}
}

@article{grinstein2002introduction,
	title={Introduction to data visualization},
	author={Grinstein, Georges G and Ward, Matthew O},
	journal={Information visualization in data mining and knowledge discovery},
	volume={1},
	pages={21--45},
	year={2002},
	publisher={Morgan Kaufmann USA}
}

@inproceedings{hendley1995case,
  title={Case study. Narcissus: visualising information},
  author={Hendley, Robert J and Drew, Nick S and Wood, Andrew M and Beale, Russell},
  booktitle={Proceedings in Information Visualization, 1995},
  pages={90--96},
  year={1995},
  organization={IEEE Computer Society}
}

@inproceedings{kaisler2013big,
	title={Big data: Issues and challenges moving forward},
	author={Kaisler, Stephen and Armour, Frank and Espinosa, J Alberto and Money, William},
	booktitle={2013 46th Hawaii International Conference on System Sciences (HICSS)},
	pages={995--1004},
	year={2013},
	organization={IEEE Computer Society}
}

@inproceedings{katal2013big,
	title={Big data: Issues, challenges, tools and good practices},
	author={Katal, Avita and Wazid, Mohammad and Goudar, RH},
	booktitle={2013 6th International Conference on Contemporary Computing (IC3)},
	pages={404--409},
	year={2013},
	organization={IEEE Computer Society}
}

@article{labrinidis2012challenges,
  title={Challenges and opportunities with big data},
  author={Labrinidis, Alexandros and Jagadish, HV},
  journal={Proceedings of the VLDB Endowment},
  volume={5},
  number={12},
  pages={2032--2033},
  year={2012},
  publisher={VLDB Endowment}
}

@misc{nats2014air,
	title={Europe 24 - an air traffic data visualisation},
	author={{National Air Traffic Services}},
	year={2014},
	note={\url{http://nats.aero/blog/2014/03/europe-24-air-traffic-data-visualisation/}}
}

@article{robertson1993information,
	title={Information visualization using 3D interactive animation},
	author={Robertson, George G and Card, Stuart K and Mackinlay, Jack D},
	journal={Communications of the ACM},
	volume={36},
	number={4},
	pages={57--71},
	year={1993},
	publisher={ACM}
}

@article{rohrer1997web,
	title={Web-based information visualization},
	author={Rohrer, Randall M and Swing, Edward},
	journal={IEEE Computer Graphics and Applications},
	volume={17},
	number={4},
	pages={52--59},
	year={1997},
	publisher={IEEE Computer Society}
}

@misc{tuomainen2014financial,
	title={Visualising financial data},
	author={Tuomainen, Pasi},
	howpublished={\url{http://quant.stackexchange.com/a/9870}},
	year={2014},
	note={Accessed: 2015-04-19}
}

@book{ware2012information,
	title={Information visualization: perception for design},
	author={Ware, Colin},
	year={2012},
	publisher={Elsevier}
}
