@misc{atlassian2015testing,
	title = {Software Testing: A Culture of Quality},
	author = {{Atlassian}},
	howpublished = {\url{https://www.atlassian.com/software-testing}},
	year = {2015},
	note = {Accessed: 2015-08-23}
}

@misc{bellware2015bdd,
	title = {Behavior-Driven Development},
	author = {Bellware, Scott},
	howpublished = {\url{http://www.codemag.com/article/0805061}},
	year = {2015},
	note = {Accessed: 2015-08-23}
}

@article{bleisch2012geovisualization,
	title = {{3D} Geovisualization - Definition and Structures for the Assessment of Usefulness},
	author = {Bleisch, S},
	journal = {ISPRS Annals of Photogrammetry, Remote Sensing and Spatial Information Sciences},
	volume = {1},
	pages = {129--134},
	year = {2012}
}

@misc{bynens2011jsperf, 
	title = {{jsPerf}},
	author = {Bynens, Mathias},
	howpublished = {\url{http://jsperf.com/}},
	year = {2011},
	note = {Accessed: 2015/06/04}
}

@misc{cabello2010three, 
	title = {{Three.js}},
	author = {Cabello, Ricardo},
	howpublished = {\url{http://threejs.org/}},
	year = {2010},
	note = {Accessed: 2015-06-04}
}

@article{cartwright2001geospatial,
	title = {Geospatial information visualization user interface issues},
	author = {Cartwright, William and Crampton, Jeremy and Gartner, Georg and Miller, Suzette and Mitchell, Kirk and Siekierska, Eva and Wood, Jo},
	journal = {Cartography and Geographic Information Science},
	volume = {28},
	number = {1},
	pages = {45--60},
	year = {2001},
	publisher = {Taylor \& Francis}
}

@inproceedings{chaturvedi2015web,
	author = {Chaturvedi, Kanishk and  Yao, Zhihang and  Kolbe, Thomas H.},
	title = {Web-based Exploration of and Interaction with Large and Deeply Structured Semantic {3D} City Models using {HTML5} and {WebGL}},
	booktitle = {Bridging Scales - Skalenübergreifende Nah- und Fernerkundungsmethoden, 35. Wissenschaftlich-Technische Jahrestagung der DGPF},
	year = {2015}
}

@misc{deslauriers2015lines,
	title = {Drawing lines is hard},
	author = {Deslauriers, Matt},
	howpublished = {\url{http://mattdesl.svbtle.com/drawing-lines-is-hard}},
	year = {2015},
	note = {Accessed: 2015-04-20}
}

@inproceedings{duval2011attention,
	title = {Attention please!: learning analytics for visualization and recommendation},
	author = {Duval, Erik},
	booktitle = {Proceedings of the 1st International Conference on Learning Analytics and Knowledge},
	pages = {9--17},
	year = {2011},
	organization = {ACM}
}

@book{evans2004domain,
	title = {Domain-driven design: tackling complexity in the heart of software},
	author = {Evans, Eric},
	year = {2004},
	publisher = {Addison-Wesley Professional}
}

@misc{feldman2014testing,
	title = {JavaScript test framework comparison},
	author = {Feldman, Aidan},
	howpublished = {\url{JavaScript test framework comparison}},
	year = {2014},
	note = {Accessed: 2015-08-25}
}

@article{fuchs2006physiological,
	title = {Physiological sensors cannot effectively drive system mitigation alone},
	author = {Fuchs, Sven and Hale, Kelly S and Berka, C and Levendowski, D and Juhnke, J},
	journal = {Foundations of Augmented Cognition},
	pages = {193--200},
	year = {2006},
	note = {\url{http://www.advancedbrainmonitoring.com/physiological-sensors-cannot-effectively-drive-system-mitigation-alone/}}
}

@misc{ghanakota2012testing,
	title = {Testing Frameworks},
	author = {Ghanakota, Gayatri},
	howpublished = {\url{http://www.cs.colorado.edu/~kena/classes/5828/s12/presentation-materials/ghanakotagayatri.pdf}},
	year = {2012},
	publisher = {University of Colorado Boulder},
	note = {Accessed: 2015-08-24}
}

@book{geraci1991ieee,
	title = {IEEE standard computer dictionary: Compilation of IEEE standard computer glossaries},
	author = {Geraci, Anne and Katki, Freny and McMonegal, Louise and Meyer, Bennett and Lane, John and Wilson, Paul and Radatz, Jane and Yee, Mary and Porteous, Hugh and Springsteel, Fredrick},
	year = {1991},
	publisher = {IEEE Press}
}

@misc{google2011globe,
	title = {{WebGL Globe}},
	author = {{Google Data Arts Team}},
	howpublished = {\url{https://www.chromeexperiments.com/globe}},
	year = {2011},
	note = {Accessed: 2015-04-19}
}

@misc{google2015earth,
	title = {{Google Earth}},
	author = {{Google}},
	howpublished = {\url{https://visualisingadvocacy.org/sites/drawingbynumbers.ttc.io/files/GoogleEarth1.jpg}},
	year = {2015},
	note = {Accessed: 2015-06-05}
}

@article{grinstein2002introduction,
	title = {Introduction to data visualization},
	author = {Grinstein, Georges G and Ward, Matthew O},
	journal = {Information visualization in data mining and knowledge discovery},
	volume = {1},
	pages = {21--45},
	year = {2002},
	publisher = {Morgan Kaufmann USA}
}

@inproceedings{hand1997survey,
	title = {A survey of {3D} interaction techniques},
	author = {Hand, Chris},
	booktitle = {Computer Graphics Forum},
	volume = {16},
	pages = {269--281},
	year = {1997},
	organization = {Wiley Online Library}
}

@inproceedings{hendley1995case,
	title = {Case study. Narcissus: visualising information},
	author = {Hendley, Robert J and Drew, Nick S and Wood, Andrew M and Beale, Russell},
	booktitle = {Proceedings in Information Visualization, 1995},
	pages = {90--96},
	year = {1995},
	organization = {IEEE Computer Society}
}

@article{hildebrandt2011image,
	title = {Image-based strategies for interactive visualisation of complex {3D} geovirtual environments on lightweight devices},
	author = {Hildebrandt, Dieter and Hagedorn, Benjamin and D{\"o}llner, J{\"u}rgen},
	journal = {Journal of Location Based Services},
	volume = {5},
	number = {2},
	pages = {100--120},
	year = {2011},
	publisher = {Taylor \& Francis}
}

@misc{istqb2015testing,
	title = {What are software testing objectives and purpose?},
	author = {{ISTQB Exam Certification}},
	howpublished = {\url{http://istqbexamcertification.com/what-is-the-software-testing-objectives-and-purpose/}},
	year = {2015},
	note = {Accessed: 2015-08-24}
}

@article{jiang2005geovisualization,
	title = {Geovisualization: design, enhanced visual tools and applications},
	author = {Jiang, Bin and Li, Zhilin},
	journal = {The Cartographic Journal},
	volume = {42},
	number = {1},
	pages = {3--4},
	year = {2005},
	publisher = {Maney Publishing}
}

@article{kwan2004geovisualization,
	title = {Geovisualization of human activity patterns using {3D} {GIS}: a time-geographic approach},
	author = {Kwan, Mei-Po and Lee, Jiyeong},
	journal = {Spatially integrated social science},
	volume = {27},
	year = {2004},
	publisher = {New York: Oxford University Press}
}

@article{maceachren2001research,
	title = {Research challenges in geovisualization},
	author = {MacEachren, Alan M and Kraak, Menno-Jan},
	journal = {Cartography and Geographic Information Science},
	volume = {28},
	number = {1},
	pages = {3--12},
	year = {2001},
	publisher = {Taylor \& Francis}
}

@article{maceachren2004geovisualization,
	title = {Geovisualization for knowledge construction and decision support},
	author = {MacEachren, Alan M and Gahegan, Mark and Pike, William and Brewer, Isaac and Cai, Guoray and Lengerich, Eugene and Hardistry, F},
	journal = {Computer Graphics and Applications, IEEE},
	volume = {24},
	number = {1},
	pages = {13--17},
	year = {2004},
	publisher = {IEEE}
}

@article{marrin2011webgl,
	title = {{WebGL} specification},
	author = {Marrin, Chris},
	journal = {Khronos WebGL Working Group},
	year = {2011}
}

@misc{microsoft2015performance,
	title = {Chapter 1 – Fundamentals of Web Application Performance Testing},
	author = {{Microsoft}},
	howpublished = {\url{https://msdn.microsoft.com/en-us/library/bb924356.aspx}},
	year = {2015},
	note = {Accessed: 2015-08-23}
}

@misc{nasa2000data,
	title = {Earthdata},
	author = {{National Aeronautics and Space Administration (NASA)}},
	howpublished = {\url{https://earthdata.nasa.gov/}},
	note = {Accessed: 2015-06-04}
}

@misc{nats2014air,
	title = {Europe 24 - an air traffic data visualisation},
	author = {{National Air Traffic Services}},
	howpublished = {\url{http://nats.aero/blog/2014/03/europe-24-air-traffic-data-visualisation/}},
	year = {2014},
	note = {Accessed: 2015-04-19}
}

@misc{north2007story,
	title = {What's in a story?},
	author = {North, Dan},
	howpublished = {\url{http://dannorth.net/whats-in-a-story/}},
	year = {2007},
	note = {Accessed: 2015-08-24}
}

@book{parisi2012webgl,
	title = {{WebGL}: up and running},
	author = {Parisi, Tony},
	year = {2012},
	publisher = {O'Reilly Media, Inc.}
}

@incollection{pettit2005using,
	title = {Using on-line geographical visualisation tools to improve land use decision-making with a bottom-up community participatory approach},
	author = {Pettit, C and Nelson, A and Cartwright, W},
	booktitle = {Recent Advances in Design and Decision Support Systems in Architecture and Urban Planning},
	pages = {53--68},
	year = {2005},
	publisher = {Springer}
}

@misc{ratti2010copenhagen,
	title = {{Copenhagen} wheel project},
	author = {Ratti, Carlo},
	howpublished = {\url{http://senseable.mit.edu/copenhagenwheel/urbanData.html}},
	year = {2010},
	note = {Accessed: 2015-06-06}
}

@misc{rice2014bdd,
	title = {Behavior Driven Development},
	author = {Rice, Benno and Jones, Richard and Engel, Jens},
	howpublished = {\url{https://pythonhosted.org/behave/philosophy.html}},
	year = {2014},
	note = {Accessed: 2015-08-23}
}

@article{robertson1993information,
	title = {Information visualization using {3D} interactive animation},
	author = {Robertson, George G and Card, Stuart K and Mackinlay, Jack D},
	journal = {Communications of the ACM},
	volume = {36},
	number = {4},
	pages = {57--71},
	year = {1993},
	publisher = {ACM}
}

@article{rohrer1997web,
	title = {Web-based information visualization},
	author = {Rohrer, Randall M and Swing, Edward},
	journal = {IEEE Computer Graphics and Applications},
	volume = {17},
	number = {4},
	pages = {52--59},
	year = {1997},
	publisher = {IEEE Computer Society}
}

@misc{tuomainen2014financial,
	title = {Visualising financial data},
	author = {Tuomainen, Pasi},
	howpublished = {\url{http://quant.stackexchange.com/a/9870}},
	year = {2014},
	note = {Accessed: 2015-04-19}
}

@book{ware2012information,
	title = {Information visualization: perception for design},
	author = {Ware, Colin},
	year = {2012},
	publisher = {Elsevier}
}

@misc{wick2005geonames,
	title = {{GeoNames} geographical database},
	author = {Wick, Marc},
	howpublished = {\url{http://www.geonames.org/}},
	year = {2005},
	note = {Accessed: 2015-06-04}
}

@article{yi2007toward,
	title = {Toward a deeper understanding of the role of interaction in information visualization},
	author = {Yi, Ji Soo and ah Kang, Youn and Stasko, John T and Jacko, Julie A},
	journal = {Visualization and Computer Graphics, IEEE Transactions on},
	volume = {13},
	number = {6},
	pages = {1224--1231},
	year = {2007},
	publisher = {IEEE}
}

@article{yu2012google,
	title = {Google Earth as a virtual globe tool for Earth science applications at the global scale: progress and perspectives},
	author = {Yu, Le and Gong, Peng},
	journal = {International Journal of Remote Sensing},
	volume = {33},
	number = {12},
	pages = {3966--3986},
	year = {2012},
	publisher = {Taylor \& Francis}
}

@article{zhong2006enhanced,
	title = {Enhanced {NURBS} modeling and visualization for large {3D} geoengineering applications: an example from the {Jinping} first-level hydropower engineering project, {China}},
	author = {Zhong, Deng-Hua and Li, Ming-Chao and Song, Ling-Guang and Wang, Gang},
	journal = {Computers \& geosciences},
	volume = {32},
	number = {9},
	pages = {1270--1282},
	year = {2006},
	publisher = {Elsevier}
}
